<record><leader>00000cas a22000007a 4500</leader><controlfield tag="001">23086110</controlfield><controlfield tag="008">910211d182u182unyuwr ne      0    0eng d</controlfield><datafield ind1=" " ind2=" " tag="010"><subfield code="a">sn 91066144 </subfield></datafield><datafield ind1=" " ind2=" " tag="040"><subfield code="a">NYS</subfield><subfield code="b">eng</subfield><subfield code="c">NYS</subfield><subfield code="d">OCL</subfield><subfield code="d">OCLCQ</subfield><subfield code="d">OCLCF</subfield><subfield code="d">OCLCO</subfield></datafield><datafield ind1="1" ind2=" " tag="029"><subfield code="a">AU@</subfield><subfield code="b">000020124769</subfield></datafield><datafield ind1=" " ind2=" " tag="042"><subfield code="a">msc</subfield></datafield><datafield ind1=" " ind2=" " tag="043"><subfield code="a">n-us-ny</subfield></datafield><datafield ind1="0" ind2="0" tag="245"><subfield code="a">Steuben patriot, and spirit of agriculture and manufactures.</subfield></datafield><datafield ind1=" " ind2=" " tag="260"><subfield code="a">Bath, N.Y. :</subfield><subfield code="b">Benjamin Smead</subfield></datafield><datafield ind1=" " ind2=" " tag="300"><subfield code="a">v. ;</subfield><subfield code="c">51 cm.</subfield></datafield><datafield ind1=" " ind2=" " tag="310"><subfield code="a">Weekly</subfield></datafield><datafield ind1=" " ind2=" " tag="588"><subfield code="a">Description based on: Vol. 4, no. 11 (Feb. 7, 1822) = whole no. 271.</subfield></datafield><datafield ind1=" " ind2="0" tag="651"><subfield code="a">Bath (N.Y.)</subfield><subfield code="v">Newspapers.</subfield></datafield><datafield ind1=" " ind2="7" tag="655"><subfield code="a">Newspapers.</subfield><subfield code="2">fast</subfield><subfield code="0">(OCoLC)fst01423814</subfield></datafield><datafield ind1=" " ind2="7" tag="651"><subfield code="a">New York (State)</subfield><subfield code="z">Bath.</subfield><subfield code="2">fast</subfield><subfield code="0">(OCoLC)fst01221270</subfield></datafield><datafield ind1=" " ind2=" " tag="752"><subfield code="a">United States</subfield><subfield code="b">New York</subfield><subfield code="c">Steuben</subfield><subfield code="d">Bath.</subfield></datafield><datafield ind1="0" ind2="0" tag="780"><subfield code="t">Steuben &amp; Allegany patriot</subfield><subfield code="w">(DLC)sn 85025379</subfield></datafield><datafield ind1="0" ind2="0" tag="785"><subfield code="t">Steuben and Allegany patriot, and spirit of agriculture &amp; manufactures</subfield><subfield code="w">(DLC)sn 91066143</subfield><subfield code="w">(OCoLC)23086038</subfield></datafield></record>